<?xml version="1.0" encoding="UTF-8"?><record xmlns="http://www.loc.gov/MARC21/slim" xmlns:cinclude="http://apache.org/cocoon/include/1.0" xmlns:zs="http://www.loc.gov/zing/srw/">
  <leader>00818cz  a2200169n  4500</leader>
  <controlfield tag="001">n  80055663 </controlfield>
  <controlfield tag="003">DLC</controlfield>
  <controlfield tag="005">20090201080241.0</controlfield>
  <controlfield tag="008">800626n| acannaabn          |b aaa      </controlfield>
  <datafield tag="010" ind1=" " ind2=" ">
    <subfield code="a">n  80055663 </subfield>
  </datafield>
  <datafield tag="035" ind1=" " ind2=" ">
    <subfield code="a">(OCoLC)oca00437428</subfield>
  </datafield>
  <datafield tag="040" ind1=" " ind2=" ">
    <subfield code="a">DLC</subfield>
    <subfield code="b">eng</subfield>
    <subfield code="c">DLC</subfield>
    <subfield code="d">OCoLC</subfield>
  </datafield>
  <datafield tag="100" ind1="1" ind2=" ">
    <subfield code="a">Fūjyānī, Muḥammad ʻAṭāʼ Allāh</subfield>
  </datafield>
  <datafield tag="400" ind1="0" ind2=" ">
    <subfield code="a">Muḥammad ʻAṭāʼ Allāh al-Fūjyānī</subfield>
  </datafield>
  <datafield tag="400" ind1="1" ind2=" ">
    <subfield code="a">Amratsarī, Muḥammad ʻAṭāʼ Allāh al-Fūjyānī</subfield>
  </datafield>
  <datafield tag="400" ind1="0" ind2=" ">
    <subfield code="a">Muḥammad ʻAṭāʼ Allāh ibn Ḥusayn al-Fūjyānī</subfield>
  </datafield>
  <datafield tag="670" ind1=" " ind2=" ">
    <subfield code="a">Nasāʼī, A. b. Sh. Mujtabá min al-sunan wa-huwa Sunan al-Nasāʼī, 1976 (a.e.)</subfield>
    <subfield code="b">t.p. (Ṣāḥib al-faḍīlah al-Ustādh Muḥammad ʻAtāʼ Allāh al-Fujyānī al-Amratsarī) p. 1, 2d group (Muḥammad ʻAṭāʼ Allāh ibn Ḥusayn al-Fūjyānī)</subfield>
  </datafield>
</record>